%% This BibTeX bibliography file was created using BibDesk.
%% http://bibdesk.sourceforge.net/

%% Created for Rafael Cosman at 2015-10-30 13:27:40 -0700 


%% Saved with string encoding Unicode (UTF-8) 



@article{yudkowsky13,
	Author = {Eliezer Yudkowsky},
	Date-Added = {2015-10-30 20:25:13 +0000},
	Date-Modified = {2015-10-30 20:26:15 +0000},
	Pages = {5},
	Title = {The Procrastination Paradox},
	Year = {2013}}

@article{kripke75,
	Author = {Kripke, Saul},
	Date-Added = {2015-10-30 20:19:39 +0000},
	Date-Modified = {2015-10-30 20:19:47 +0000},
	Journal = {The journal of philosophy},
	Pages = {690--716},
	Publisher = {JSTOR},
	Title = {Outline of a theory of truth},
	Year = {1975}}

@article{leitgeb12b,
	Author = {Leitgeb, Hannes},
	Date-Added = {2015-10-30 20:10:23 +0000},
	Date-Modified = {2015-10-30 20:10:48 +0000},
	Journal = {New Waves in Philosophical Logic. New York: Palgrave Macmillan},
	Pages = {84--94},
	Title = {From type-free truth to type-free probability},
	Year = {2012}}

@article{leitgeb12a,
	Author = {Duca, Simone and Leitgeb, Hannes},
	Date-Added = {2015-10-30 20:09:59 +0000},
	Date-Modified = {2015-10-30 20:10:45 +0000},
	Journal = {Mind},
	Number = {481},
	Pages = {1--36},
	Publisher = {Mind Assoc},
	Title = {How Serious Is the Paradox of Serious Possibility?},
	Volume = {121},
	Year = {2012}}

@article{leitgeb08,
	Author = {Leitgeb, Hannes},
	Date-Added = {2015-10-30 20:07:02 +0000},
	Date-Modified = {2015-10-30 20:07:11 +0000},
	Journal = {The Review of Symbolic Logic},
	Number = {02},
	Pages = {218--224},
	Publisher = {Cambridge Univ Press},
	Title = {On the probabilistic convention T},
	Volume = {1},
	Year = {2008}}

@book{scharp13,
	Author = {Scharp, Kevin},
	Date-Added = {2015-10-30 20:06:12 +0000},
	Date-Modified = {2015-10-30 20:06:36 +0000},
	Publisher = {Oxford University Press},
	Title = {Replacing truth},
	Year = {2013}}

@incollection{demski12,
	Author = {Demski, Abram},
	Booktitle = {Artificial General Intelligence},
	Date-Added = {2015-10-30 19:54:27 +0000},
	Date-Modified = {2015-10-30 19:54:34 +0000},
	Pages = {50--59},
	Publisher = {Springer},
	Title = {Logical prior probability},
	Year = {2012}}

@article{hutter13,
	Author = {Hutter, Marcus and Lloyd, John W and Ng, Kee Siong and Uther, William TB},
	Date-Added = {2015-10-30 19:53:19 +0000},
	Date-Modified = {2015-10-30 19:53:33 +0000},
	Journal = {Journal of Applied Logic},
	Number = {4},
	Pages = {386--420},
	Publisher = {Elsevier},
	Title = {Probabilities on sentences in an expressive logic},
	Volume = {11},
	Year = {2013}}

@article{gaifman04,
	Author = {Gaifman, Haim},
	Date-Added = {2015-10-30 19:50:50 +0000},
	Date-Modified = {2015-10-30 19:51:13 +0000},
	Journal = {Synthese},
	Number = {1},
	Pages = {97--119},
	Publisher = {Springer},
	Title = {Reasoning with limited resources and assigning probabilities to arithmetical statements},
	Volume = {140},
	Year = {2004}}

@article{campbell14,
	Author = {Campbell-Moore, Catrin},
	Date-Added = {2015-10-30 19:48:26 +0000},
	Date-Modified = {2015-10-30 19:49:31 +0000},
	Title = {How to Express Self-Referential Probability},
	Year = {2014}}

@book{hajek98,
	Author = {H{\'a}jek, Petr},
	Date-Added = {2015-10-30 19:47:05 +0000},
	Date-Modified = {2015-10-30 19:49:18 +0000},
	Publisher = {Springer Science \& Business Media},
	Title = {Metamathematics of fuzzy logic},
	Volume = {4},
	Year = {1998}}

@article{gaifman64,
	Author = {Gaifman, Haim},
	Date-Added = {2015-10-30 19:45:33 +0000},
	Date-Modified = {2015-10-30 19:49:38 +0000},
	Journal = {Israel journal of mathematics},
	Number = {1},
	Pages = {1--18},
	Publisher = {Springer},
	Title = {Concerning measures in first order calculi},
	Volume = {2},
	Year = {1964}}

@book{kakutani41,
  title={A generalization of Brouwer's fixed point theorem},
  author={Kakutani, Shizuo and others},
  year={1941},
  publisher={Duke University Press}
}

@techreport{soares14,
  title={Vingean Reflection. Reliable Reasoning for Self-Improving Agents},
  author={Fallenstein, Benja and Soares, Nate},
  year={2014},
  institution={Tech. rep. 2015--2. Berkeley, CA: Machine Intelligence Research Institute, 2015. ur l: https://intelligence. org/files/VingeanReflection. pdf}
}